@misc{ wiki:minerales,
    author = "Wikipedia",
    title = "Mineral --- Wikipedia{,} La enciclopedia libre",
    year = "2019",
    url = "https://es.wikipedia.org/w/index.php?title=Mineral&oldid=114858515",
    note = "[Internet; descargado 6-mayo-2019]"
}

@misc{ wiki:minerals,
    author = "{Wikipedia contributors}",
    title = "Mineral --- {Wikipedia}{,} The Free Encyclopedia",
    year = "2019",
    url = "https://en.wikipedia.org/w/index.php?title=Mineral&oldid=894403559",
    note = "[Online; accessed 6-May-2019]"
}

@misc{ wiki:gemology,
    author = "{Wikipedia contributors}",
    title = "Gemology --- {Wikipedia}{,} The Free Encyclopedia",
    year = "2019",
    url = "https://en.wikipedia.org/w/index.php?title=Gemology&oldid=892250222",
    note = "[Online; accessed 7-May-2019]"
  }

@misc{ wiki:emerald,
  author = "{Wikipedia contributors}",
  title = "Emerald --- {Wikipedia}{,} The Free Encyclopedia",
  year = "2019",
  url = "https://en.wikipedia.org/w/index.php?title=Emerald&oldid=891883998",
  note = "[Online; accessed 6-May-2019]"
}

@misc{ wiki:diamond,
    author = "{Wikipedia contributors}",
    title = "Diamond --- {Wikipedia}{,} The Free Encyclopedia",
    year = "2019",
    url = "https://en.wikipedia.org/w/index.php?title=Diamond&oldid=895187439",
    note = "[Online; accessed 6-May-2019]"
}

@misc{ wiki:quartz,
    author = "{Wikipedia contributors}",
    title = "Quartz --- {Wikipedia}{,} The Free Encyclopedia",
    year = "2019",
    url = "https://en.wikipedia.org/w/index.php?title=Quartz&oldid=895110556",
    note = "[Online; accessed 6-May-2019]"
}

@misc{ wiki:tourmaline,
    author = "{Wikipedia contributors}",
    title = "Tourmaline --- {Wikipedia}{,} The Free Encyclopedia",
    year = "2019",
    url = "https://en.wikipedia.org/w/index.php?title=Tourmaline&oldid=894281255",
    note = "[Online; accessed 6-May-2019]"
}

@misc{ wiki:topaz,
    author = "{Wikipedia contributors}",
    title = "Topaz --- {Wikipedia}{,} The Free Encyclopedia",
    year = "2019",
    url = "https://en.wikipedia.org/w/index.php?title=Topaz&oldid=888110729",
    note = "[Online; accessed 6-May-2019]"
  }

@misc{ wiki:zircon,
    author = "{Wikipedia contributors}",
    title = "Zircon --- {Wikipedia}{,} The Free Encyclopedia",
    year = "2019",
    url = "https://en.wikipedia.org/w/index.php?title=Zircon&oldid=885055145",
    note = "[Online; accessed 6-May-2019]"
}

@misc{ wiki:jade,
   author = "Wikipedia",
   title = "Jade --- Wikipedia{,} La enciclopedia libre",
   year = "2019",
   url = "https://es.wikipedia.org/w/index.php?title=Jade&oldid=115286676",
   note = "[Internet; descargado 6-mayo-2019]"
}

@misc{ wiki:opal,
    author = "{Wikipedia contributors}",
    title = "Opal --- {Wikipedia}{,} The Free Encyclopedia",
    year = "2019",
    url = "https://en.wikipedia.org/w/index.php?title=Opal&oldid=892415441",
    note = "[Online; accessed 6-May-2019]"
}

@misc{ wiki:turquoise,
    author = "{Wikipedia contributors}",
    title = "Turquoise --- {Wikipedia}{,} The Free Encyclopedia",
    year = "2019",
    url = "https://en.wikipedia.org/w/index.php?title=Turquoise&oldid=895679811",
    note = "[Online; accessed 6-May-2019]"
}

@misc{ wiki:amethyst,
    author = "{Wikipedia contributors}",
    title = "Amethyst --- {Wikipedia}{,} The Free Encyclopedia",
    year = "2019",
    url = "https://en.wikipedia.org/w/index.php?title=Amethyst&oldid=888713007",
    note = "[Online; accessed 6-May-2019]"
}

@misc{ wiki:sapphire,
    author = "{Wikipedia contributors}",
    title = "Sapphire --- {Wikipedia}{,} The Free Encyclopedia",
    year = "2019",
    url = "https://en.wikipedia.org/w/index.php?title=Sapphire&oldid=894553458",
    note = "[Online; accessed 6-May-2019]"
}

@misc{ wiki:ruby,
    author = "{Wikipedia contributors}",
    title = "Ruby --- {Wikipedia}{,} The Free Encyclopedia",
    year = "2019",
    url = "https://en.wikipedia.org/w/index.php?title=Ruby&oldid=893585326",
    note = "[Online; accessed 6-May-2019]"
}

@misc{ wiki:apatite,
    author = "{Wikipedia contributors}",
    title = "Apatite --- {Wikipedia}{,} The Free Encyclopedia",
    year = "2019",
    url = "https://en.wikipedia.org/w/index.php?title=Apatite&oldid=884333628",
    note = "[Online; accessed 6-May-2019]"
}

@misc{ wiki:lazulite,
    author = "{Wikipedia contributors}",
    title = "Lazulite --- {Wikipedia}{,} The Free Encyclopedia",
    year = "2017",
    url = "https://en.wikipedia.org/w/index.php?title=Lazulite&oldid=790973223",
    note = "[Online; accessed 6-May-2019]"
}

@misc{ wiki:azurite,
    author = "{Wikipedia contributors}",
    title = "Azurite --- {Wikipedia}{,} The Free Encyclopedia",
    year = "2019",
    url = "https://en.wikipedia.org/w/index.php?title=Azurite&oldid=894424913",
    note = "[Online; accessed 6-May-2019]"
}

@misc{ wiki:malachite,
    author = "{Wikipedia contributors}",
    title = "Malachite --- {Wikipedia}{,} The Free Encyclopedia",
    year = "2019",
    url = "https://en.wikipedia.org/w/index.php?title=Malachite&oldid=892043169",
    note = "[Online; accessed 6-May-2019]"
}

@misc{ wiki:pyrite,
    author = "{Wikipedia contributors}",
    title = "Pyrite --- {Wikipedia}{,} The Free Encyclopedia",
    year = "2019",
    url = "https://en.wikipedia.org/w/index.php?title=Pyrite&oldid=895099324",
    note = "[Online; accessed 6-May-2019]"
}

@misc{ wiki:magnetite,
    author = "{Wikipedia contributors}",
    title = "Magnetite --- {Wikipedia}{,} The Free Encyclopedia",
    year = "2019",
    url = "https://en.wikipedia.org/w/index.php?title=Magnetite&oldid=891699587",
    note = "[Online; accessed 6-May-2019]"
}

@misc{ wiki:spinel,
    author = "{Wikipedia contributors}",
    title = "Spinel --- {Wikipedia}{,} The Free Encyclopedia",
    year = "2019",
    url = "https://en.wikipedia.org/w/index.php?title=Spinel&oldid=893919082",
    note = "[Online; accessed 6-May-2019]"
}

@misc{ wiki:alexandrite,
    author = "{Wikipedia contributors}",
    title = "Chrysoberyl --- {Wikipedia}{,} The Free Encyclopedia",
    year = "2018",
    url = "https://en.wikipedia.org/w/index.php?title=Chrysoberyl&oldid=863702417",
    note = "[Online; accessed 6-May-2019]"
}

@misc{ wiki:jasper,
    author = "{Wikipedia contributors}",
    title = "Jasper --- {Wikipedia}{,} The Free Encyclopedia",
    year = "2019",
    url = "https://en.wikipedia.org/w/index.php?title=Jasper&oldid=893805749",
    note = "[Online; accessed 6-May-2019]"
}

@misc{ wiki:agate,
    author = "{Wikipedia contributors}",
    title = "Agate --- {Wikipedia}{,} The Free Encyclopedia",
    year = "2019",
    url = "https://en.wikipedia.org/w/index.php?title=Agate&oldid=895110554",
    note = "[Online; accessed 6-May-2019]"
}

@misc{ wiki:kryptonite,
    author = "{Wikipedia contributors}",
    title = "Kryptonite --- {Wikipedia}{,} The Free Encyclopedia",
    year = "2019",
    url = "https://en.wikipedia.org/w/index.php?title=Kryptonite&oldid=895634961",
    note = "[Online; accessed 6-May-2019]"
}

@misc{ wiki:lapislazuli,
    author = "{Wikipedia contributors}",
    title = "Lapis lazuli --- {Wikipedia}{,} The Free Encyclopedia",
    year = "2019",
    url = "https://en.wikipedia.org/w/index.php?title=Lapis_lazuli&oldid=893116136",
    note = "[Online; accessed 6-May-2019]"
}

@misc{ wiki:peridot,
    author = "{Wikipedia contributors}",
    title = "Peridot --- {Wikipedia}{,} The Free Encyclopedia",
    year = "2019",
    url = "https://en.wikipedia.org/w/index.php?title=Peridot&oldid=894831591",
    note = "[Online; accessed 6-May-2019]"
}

@misc{ wiki:garnet,
    author = "{Wikipedia contributors}",
    title = "Garnet --- {Wikipedia}{,} The Free Encyclopedia",
    year = "2019",
    url = "https://en.wikipedia.org/w/index.php?title=Garnet&oldid=888122014",
    note = "[Online; accessed 6-May-2019]"
}

@misc{ webmineral,
    title = "{W}ebmineral --- {S}earch {M}ineralogy {D}atabase",
    year = "2019",
    url = "http://webmineral.com/cgi-bin/search/search.pl?sitesearch=&Terms=&x=0&y=0"
}

@misc{ minerals.net,
    title = "Minerals.net --- {T}he {M}ineral \& {G}emstone {K}ingdom",
    year = "2019",
    url = "https://www.minerals.net/"
}
